@article{bretherton1976,
        author = {Bretherton, F. P. and Davis, R. E. and Fandry, C.B.},
        year = {1976},
        title = {A technique for objective analysis and design of oceanographic experiments applied to MODE-73},
        journaltitle = {Deep Sea Research and Oceanographic Abstracts},
        volume = {23},
        number = {7},
        pages = {559--582}
}

@article{fukumori1991,
	author = {Fukumori, Ichiro and Wunsch, Carl},
	year = {1991},
	title = {Efficient representation of the North Atlantic hydrographic and chemical distributions},
	journaltitle = {Progress in Oceanography},
	volume = {27},
	number = {1},
	pages = {111--195}
}

@book{wunsch2006, 
	author = {Wunsch, Carl}, 
	year = {2006},
	title = {Discrete Inverse and State Estimation Problems: With Geophysical Fluid Applications}, 
	publisher = {Cambridge University Press}, 
} 

@article{bindoff1992,
	author = {Bindoff, N. L. and Wunsch, C.},
	year = {1992},
	title = {Comparison of Synoptic and Climatologically Mapped Sections in the South Pacific Ocean},
	journaltitle = {Journal of Climate},
	volume = {5},
	number = {6},
	pages = {631--645}
}

@article{kenyon2024,
	author = {Kenyon, Jennifer A. and Davidson, Perrin W. and Buesseler, Ken O. and Pike, Steven M. and Lam, Phoebe J.},
	year = {2024},
	title = {Thorium-234 as a tracer of particulate export and remineralization along the GEOTRACES Pacific Meridional Transect},
	journaltitle = {Global Biogeochemical Cycles},
	volume = {},
	number = {},
	pages = {}
}

@book{webster2007,
  author = {Webster, Richard and Oliver, Margaret A},
  title = {Geostatistics for Environmental Scientists},
  publisher = {John Wiley \& Sons},
  year = {2007}
}

@article{jack,
        author = {Jack},
        year = {2024},
        title = {easyKriging}, 
        journaltitle = {MATLAB Central File Exchange}
}

@article{fenton1999,
        author = {Fenton, G. A.},
        year = {1999},
        title = {Estimation for Stochastic Soil Models},
        journaltitle = {Journal of Geotechnical and Geoenvironmental Engineering},
        volume = {125},
        number = {6},
        pages = {470--485}
}
	
@article{christensen2011,
	author = {Christensen, William F.},
	year = {2011},
	title = {Filtered Kriging for Spatial Data with Heterogeneous Measurement Error Variances},
	journaltitle = {Biometrics},
	volume = {67},
	pages = {947--957},
	number = {3}
}

@book{brent1973,
    author = {Brent, R. P.},
    title = {Algorithms for Minimization without Derivatives},
    year = {1973},
    address = {Englewood Cliffs, NJ},
    publisher = {Prentice-Hall}
}
